<?xml version="1.0" encoding="UTF-8"?>
<collection xmlns:xsi="http://www.w3.org/2001/XMLSchema-instance" xsi:schemaLocation="http://www.loc.gov/MARC21/slim http://www.loc.gov/standards/marcxml/schema/MARC21slim.xsd" xmlns="http://www.loc.gov/MARC21/slim">
<record>
  <leader>01449cam a2200337La 4500</leader>
  <controlfield tag="001">6382813</controlfield>
  <controlfield tag="003">NNC</controlfield>
  <controlfield tag="005">20160718182703.0</controlfield>
  <controlfield tag="008">920318s1886    le            000 0 ara d</controlfield>
  <datafield tag="035" ind1=" " ind2=" ">
    <subfield code="a">(NNC)6382813</subfield>
  </datafield>
  <datafield tag="035" ind1=" " ind2=" ">
    <subfield code="a">(OCoLC)ocn122899338</subfield>
  </datafield>
  <datafield tag="035" ind1=" " ind2=" ">
    <subfield code="a">(OCoLC)122899338</subfield>
  </datafield>
  <datafield tag="040" ind1=" " ind2=" ">
    <subfield code="a">EG-CaAUA</subfield>
    <subfield code="b">eng</subfield>
    <subfield code="c">MEAUC</subfield>
    <subfield code="d">OCLCG</subfield>
    <subfield code="d">OCLCA</subfield>
    <subfield code="d">OCLCQ</subfield>
    <subfield code="d">OCLCF</subfield>
    <subfield code="d">OCLCO</subfield>
    <subfield code="d">ZCU</subfield>
  </datafield>
  <datafield tag="043" ind1=" " ind2=" ">
    <subfield code="a">e-bu---</subfield>
    <subfield code="a">e-gr---</subfield>
    <subfield code="a">e-xn---</subfield>
  </datafield>
  <datafield tag="100" ind1="1" ind2=" ">
    <subfield code="6">880-01</subfield>
    <subfield code="a">Ṭirād, Najīb Ibrāhīm,</subfield>
    <subfield code="d">1858 or 1859-1911.</subfield>
  </datafield>
  <datafield tag="245" ind1="1" ind2="0">
    <subfield code="6">880-02</subfield>
    <subfield code="a">Tarīkh al-Dawlah al-Makdunīyah wa al-mamālik al-lati infaṣalat ʻanhā /</subfield>
    <subfield code="c">taʼlīf Najīb Ibrāhīm Ṭirād.</subfield>
  </datafield>
  <datafield tag="260" ind1=" " ind2=" ">
    <subfield code="6">880-03</subfield>
    <subfield code="a">Bayrūt :</subfield>
    <subfield code="b">al-Maṭbaʻah al-Lubnānīyah,</subfield>
    <subfield code="c">1886.</subfield>
  </datafield>
  <datafield tag="300" ind1=" " ind2=" ">
    <subfield code="a">172 pages ;</subfield>
    <subfield code="c">20 cm</subfield>
  </datafield>
  <datafield tag="336" ind1=" " ind2=" ">
    <subfield code="a">text</subfield>
    <subfield code="b">txt</subfield>
    <subfield code="2">rdacontent</subfield>
  </datafield>
  <datafield tag="337" ind1=" " ind2=" ">
    <subfield code="a">unmediated</subfield>
    <subfield code="b">n</subfield>
    <subfield code="2">rdamedia</subfield>
  </datafield>
  <datafield tag="338" ind1=" " ind2=" ">
    <subfield code="a">volume</subfield>
    <subfield code="b">nc</subfield>
    <subfield code="2">rdacarrier</subfield>
  </datafield>
  <datafield tag="500" ind1=" " ind2=" ">
    <subfield code="a">Includes Errata pages.</subfield>
  </datafield>
  <datafield tag="651" ind1=" " ind2="0">
    <subfield code="a">Macedonia</subfield>
    <subfield code="x">History</subfield>
    <subfield code="y">To 168 B.C.</subfield>
  </datafield>
  <datafield tag="651" ind1=" " ind2="7">
    <subfield code="a">Europe</subfield>
    <subfield code="z">Macedonia.</subfield>
    <subfield code="2">fast</subfield>
    <subfield code="0">(OCoLC)fst01242198</subfield>
  </datafield>
  <datafield tag="648" ind1=" " ind2="7">
    <subfield code="a">To 168 B.C.</subfield>
    <subfield code="2">fast</subfield>
  </datafield>
  <datafield tag="655" ind1=" " ind2="7">
    <subfield code="a">History.</subfield>
    <subfield code="2">fast</subfield>
    <subfield code="0">(OCoLC)fst01411628</subfield>
  </datafield>
  <datafield tag="880" ind1="1" ind2=" ">
    <subfield code="6">100-01/r</subfield>
    <subfield code="a">طراد، نجيب إبراهيم,</subfield>
    <subfield code="d">1858 or 1859-1911.</subfield>
  </datafield>
  <datafield tag="880" ind1="1" ind2="0">
    <subfield code="6">245-02/r</subfield>
    <subfield code="a">تاريخ الدولة المكدونية والممالك التي انفصلت عنها /</subfield>
    <subfield code="c">تأليف نجيب إبراهيم طراد.</subfield>
  </datafield>
  <datafield tag="880" ind1=" " ind2=" ">
    <subfield code="6">260-03/r</subfield>
    <subfield code="a">بيروت :</subfield>
    <subfield code="b">المطبعة اللبنانية،</subfield>
    <subfield code="c">1886.</subfield>
  </datafield>
  <datafield tag="955" ind1=" " ind2=" ">
    <subfield code="b">CU90289412</subfield>
    <subfield code="d">glx4off</subfield>
    <subfield code="e">8JAN 82813</subfield>
  </datafield>
</record>
</collection>